<?xml version="1.0" encoding="UTF-8"?><collection xmlns="http://www.loc.gov/MARC21/slim"><record><leader>00506nam--2200181-i-4500</leader><controlfield tag="001">000044178</controlfield><controlfield tag="002">20161230</controlfield><controlfield tag="005">20161230201044</controlfield><controlfield tag="008">060222s1000------------r-----000-0-eng-d</controlfield><datafield ind1=" " ind2=" " tag="040"><subfield code="a">IFIN-HH</subfield></datafield><datafield ind1=" " ind2=" " tag="080"><subfield code="a">523</subfield></datafield><datafield ind1="1" ind2=" " tag="100"><subfield code="a">Smith,F.G</subfield></datafield><datafield ind1="1" ind2="0" tag="245"><subfield code="a">Pulsating stars. a nature reprint</subfield><subfield code="b">With introductions by prof.f.g.smith and dr.a.hewish</subfield><subfield code="c">F.g. smith, a. hewish</subfield></datafield><datafield ind1=" " ind2=" " tag="260"><subfield code="a">London</subfield><subfield code="b">Macmillan</subfield><subfield code="c">1968</subfield></datafield><datafield ind1=" " ind2=" " tag="300"><subfield code="a">VIII+92P</subfield></datafield><datafield ind1="1" ind2=" " tag="700"><subfield code="a">Hewish, A</subfield></datafield><datafield ind1=" " ind2=" " tag="852"><subfield code="a">30365</subfield><subfield code="c">521/522</subfield></datafield><datafield ind1=" " ind2=" " tag="CAT"><subfield code="a">Sys</subfield><subfield code="c">20130826</subfield><subfield code="h">145650</subfield></datafield></record></collection>